<?xml version="1.0" encoding="UTF-8"?><collection xmlns="http://www.loc.gov/MARC21/slim"><record><leader>00432nam--2200121-i-4500</leader><controlfield tag="001">000005003</controlfield><controlfield tag="002">20161230</controlfield><controlfield tag="005">20161230201026</controlfield><controlfield tag="008">060222s1000------------r-----000-0-eng-d</controlfield><datafield ind1=" " ind2=" " tag="100"><subfield code="a">Beck, H., Dresel, H.Und Melching, H.L</subfield></datafield><datafield ind1=" " ind2=" " tag="245"><subfield code="a">Leitfaden des strahlenschutzes fur naturwissch after, techniker und mediziner. mit einem gele itwort von prof.dr.h.langendorff</subfield></datafield><datafield ind1=" " ind2=" " tag="260"><subfield code="a">Stuttgart, Georg Thieme Verlag, 1959 Xi + 253 P</subfield></datafield><datafield ind1=" " ind2=" " tag="852"><subfield code="a">15429</subfield></datafield></record></collection>